<record><leader>00000cas a22000007a 4500</leader><controlfield tag="001">29298095</controlfield><controlfield tag="008">931110c19299999nyuwr ne      0   a0eng d</controlfield><datafield ind1=" " ind2=" " tag="010"><subfield code="a">sn 93063682 </subfield></datafield><datafield ind1=" " ind2=" " tag="040"><subfield code="a">NYS</subfield><subfield code="b">eng</subfield><subfield code="c">NYS</subfield><subfield code="d">NVF</subfield><subfield code="d">NYS</subfield><subfield code="d">NSD</subfield><subfield code="d">OCLCQ</subfield><subfield code="d">OCLCF</subfield><subfield code="d">OCLCO</subfield></datafield><datafield ind1=" " ind2=" " tag="012"><subfield code="l">1</subfield></datafield><datafield ind1=" " ind2=" " tag="019"><subfield code="a">990642944</subfield></datafield><datafield ind1="1" ind2=" " tag="022"><subfield code="a">1551-9201</subfield><subfield code="l">1551-9201</subfield><subfield code="2">1</subfield></datafield><datafield ind1="1" ind2=" " tag="029"><subfield code="a">AU@</subfield><subfield code="b">000026147704</subfield></datafield><datafield ind1=" " ind2=" " tag="037"><subfield code="b">Journal and Republican, 7567 State St., Lowville, NY 13367</subfield><subfield code="c">$29.95 (in New York)</subfield><subfield code="c">$36.00 (out of state)</subfield></datafield><datafield ind1=" " ind2=" " tag="042"><subfield code="a">msc</subfield><subfield code="a">nsdp</subfield></datafield><datafield ind1=" " ind2=" " tag="043"><subfield code="a">n-us-ny</subfield></datafield><datafield ind1="1" ind2="0" tag="050"><subfield code="a">ISSN RECORD</subfield></datafield><datafield ind1="0" ind2=" " tag="130"><subfield code="a">Journal and Republican (Lowville, N.Y. : 1929)</subfield></datafield><datafield ind1=" " ind2="4" tag="222"><subfield code="a">The journal and Republican</subfield><subfield code="b">(Lowville, N.Y. 1929)</subfield></datafield><datafield ind1="1" ind2="4" tag="245"><subfield code="a">The journal and Republican.</subfield></datafield><datafield ind1=" " ind2=" " tag="260"><subfield code="a">Lowville, N.Y. :</subfield><subfield code="b">A. Karl Arthur,</subfield><subfield code="c">1929-</subfield></datafield><datafield ind1=" " ind2=" " tag="300"><subfield code="a">v.</subfield></datafield><datafield ind1=" " ind2=" " tag="310"><subfield code="a">Weekly</subfield></datafield><datafield ind1="0" ind2=" " tag="362"><subfield code="a">Vol. 70, no. 40 (July 25, 1929)-</subfield></datafield><datafield ind1=" " ind2=" " tag="588"><subfield code="a">Latest issue consulted: 172nd year - 52 (July 7-13, 2004).</subfield></datafield><datafield ind1=" " ind2="0" tag="651"><subfield code="a">Lowville (N.Y.)</subfield><subfield code="v">Newspapers.</subfield></datafield><datafield ind1=" " ind2="0" tag="651"><subfield code="a">Lewis County (N.Y.)</subfield><subfield code="v">Newspapers.</subfield></datafield><datafield ind1=" " ind2="7" tag="655"><subfield code="a">Newspapers.</subfield><subfield code="2">fast</subfield><subfield code="0">(OCoLC)fst01423814</subfield></datafield><datafield ind1=" " ind2="7" tag="651"><subfield code="a">New York (State)</subfield><subfield code="z">Lewis County.</subfield><subfield code="2">fast</subfield><subfield code="0">(OCoLC)fst01219434</subfield></datafield><datafield ind1=" " ind2="7" tag="651"><subfield code="a">New York (State)</subfield><subfield code="z">Lowville.</subfield><subfield code="2">fast</subfield><subfield code="0">(OCoLC)fst01220447</subfield></datafield><datafield ind1=" " ind2=" " tag="752"><subfield code="a">United States</subfield><subfield code="b">New York</subfield><subfield code="c">Lewis</subfield><subfield code="d">Lowville.</subfield></datafield><datafield ind1="0" ind2="0" tag="780"><subfield code="t">Journal and Republican and Lowville times</subfield><subfield code="w">(DLC)sn 93063681</subfield><subfield code="w">(OCoLC)29298094</subfield></datafield></record>